<?xml version="1.0" encoding="UTF-8"?><collection xmlns="http://www.loc.gov/MARC21/slim"><record><leader>00448nam--2200145-i-4500</leader><controlfield tag="001">000022249</controlfield><controlfield tag="002">20161230</controlfield><controlfield tag="005">20161230201034</controlfield><controlfield tag="008">060222s1000------------r-----000-0-eng-d</controlfield><datafield ind1=" " ind2=" " tag="080"><subfield code="a">621.039.5:621.311.25</subfield></datafield><datafield ind1=" " ind2=" " tag="100"><subfield code="a">Hessel, Hans</subfield></datafield><datafield ind1=" " ind2=" " tag="245"><subfield code="a">Reactorii nucleari din centralele atomo-electrice. traducere din l.germana</subfield></datafield><datafield ind1=" " ind2=" " tag="260"><subfield code="a">Bucuresti, Ed.Tehnica, 1963, 72 P</subfield></datafield><datafield ind1=" " ind2=" " tag="490"><subfield code="a">Biblioteca Soc.De Stiinte Matematice Si Fizice Din Rpr</subfield></datafield><datafield ind1=" " ind2=" " tag="852"><subfield code="a">9168</subfield></datafield></record></collection>